@ARTICLE{srexptime,
author = {Rack, Alexander and Stroebel, Johannes and Rack, Tatjana and Dabin, Yves and Knabe, Christine and Stiller, Michael and Coan, Paola and Bleuet, Pierre},
year = {2020},
month = {04},
pages = {11},
title = {TomoPress-In Situ Synchrotron-Based Microtomography under Axial Load},
volume = {4},
journal = {Instruments},
doi = {10.3390/instruments4020011}
}
@ARTICLE{srnoise,
author = {F. P. Vidal and J. M. LÃ©tang and G. Peix and P. Cloetens},
year = {2005},
month = Jun,
pages = {333-348},
title = {Investigation of artefact sources in synchrotron microtomography via virtual X-ray imaging},
volume = {234},
journal = {Nuclear Instruments and Methods in Physics Research B},
doi = {10.1016/j.nimb.2005.02.003}
}
@ARTICLE{ctnoise,
author = {Boas, Franz and Fleischmann, Dominik},
year = {2012},
month = {04},
pages = {},
title = {CT artifacts: Causes and reduction techniques},
volume = {4},
journal = {Imaging in Medicine},
doi = {10.2217/iim.12.13}
}
@ARTICLE{ringartifacts,
author = {Linda C. P. Croton and Gary Ruben and Kaye S. Morgan and David M. Paganin and Marcus J. Kitchen},
journal = {Opt. Express},
keywords = {Image processing; Image quality; Phase contrast; Phase contrast imaging; Point spread function; X ray computed tomography},
number = {10},
pages = {14231--14245},
publisher = {Optica Publishing Group},
title = {Ring artifact suppression in X-ray computed tomography using a simple, pixel-wise response correction},
volume = {27},
month = {May},
year = {2019},
doi = {10.1364/OE.27.014231}
}